<record><leader>00000cas a2200000 a 4500</leader><controlfield tag="001">11741958</controlfield><controlfield tag="008">850227c19119999ksuwr ne      0   a0eng d</controlfield><datafield ind1=" " ind2=" " tag="010"><subfield code="a">sn 84030286 </subfield></datafield><datafield ind1=" " ind2=" " tag="040"><subfield code="a">KSH</subfield><subfield code="b">eng</subfield><subfield code="c">KSH</subfield><subfield code="d">NPT</subfield><subfield code="d">OCL</subfield><subfield code="d">OCLCQ</subfield></datafield><datafield ind1=" " ind2=" " tag="042"><subfield code="a">msc</subfield></datafield><datafield ind1="0" ind2=" " tag="130"><subfield code="a">Madison news (Madison, Kan. : 1915)</subfield></datafield><datafield ind1="1" ind2="4" tag="245"><subfield code="a">The Madison news.</subfield></datafield><datafield ind1=" " ind2=" " tag="260"><subfield code="a">Madison, Kan. :</subfield><subfield code="b">The Kelleys</subfield></datafield><datafield ind1=" " ind2=" " tag="300"><subfield code="a">v. :</subfield><subfield code="b">ill. ;</subfield><subfield code="c">58 cm.</subfield></datafield><datafield ind1=" " ind2=" " tag="310"><subfield code="a">Weekly</subfield></datafield><datafield ind1="1" ind2=" " tag="362"><subfield code="a">Began in 1911.</subfield><subfield code="z">Cf. Ayer, 1915.</subfield></datafield><datafield ind1=" " ind2=" " tag="500"><subfield code="a">Publisher varies.</subfield></datafield><datafield ind1=" " ind2=" " tag="500"><subfield code="a">"Republican." Cf. Ayer, 1915.</subfield></datafield><datafield ind1=" " ind2=" " tag="580"><subfield code="a">Continues: Live stock belt (non-extant).</subfield></datafield><datafield ind1=" " ind2=" " tag="588"><subfield code="a">Description based on: Vol. 5, no. 20 (Mar. 18, 1915).</subfield></datafield><datafield ind1=" " ind2=" " tag="752"><subfield code="a">United States</subfield><subfield code="b">Kansas</subfield><subfield code="c">Greenwood</subfield><subfield code="d">Madison.</subfield></datafield><datafield ind1="1" ind2="0" tag="780"><subfield code="t">Live stock belt</subfield></datafield></record>